%YAML 1.1
%TAG !u! tag:unity3d.com,2011:
--- !u!1 &649317368605178862
GameObject:
  m_ObjectHideFlags: 0
  m_CorrespondingSourceObject: {fileID: 0}
  m_PrefabInstance: {fileID: 0}
  m_PrefabAsset: {fileID: 0}
  serializedVersion: 6
  m_Component:
  - component: {fileID: 6486044803530540332}
  m_Layer: 0
  m_Name: ShroomGroup
  m_TagString: Untagged
  m_Icon: {fileID: 0}
  m_NavMeshLayer: 0
  m_StaticEditorFlags: 0
  m_IsActive: 1
--- !u!4 &6486044803530540332
Transform:
  m_ObjectHideFlags: 0
  m_CorrespondingSourceObject: {fileID: 0}
  m_PrefabInstance: {fileID: 0}
  m_PrefabAsset: {fileID: 0}
  m_GameObject: {fileID: 649317368605178862}
  m_LocalRotation: {x: -0.01623807, y: 0.36644518, z: 0.006396341, w: -0.9302759}
  m_LocalPosition: {x: 0.12507957, y: 0.4661087, z: -0.045231633}
  m_LocalScale: {x: 0.009348104, y: 0.009348103, z: 0.009348103}
  m_Children:
  - {fileID: 9100894665723542395}
  - {fileID: 3416282658477597679}
  - {fileID: 784405527284818613}
  - {fileID: 9087156657889891576}
  - {fileID: 1433277721472921418}
  - {fileID: 5549183862121596905}
  - {fileID: 8906129367001220788}
  m_Father: {fileID: 0}
  m_RootOrder: 0
  m_LocalEulerAnglesHint: {x: 0, y: 0, z: 0}
--- !u!114 &6457434119216868238
MonoBehaviour:
  m_ObjectHideFlags: 0
  m_CorrespondingSourceObject: {fileID: 0}
  m_PrefabInstance: {fileID: 0}
  m_PrefabAsset: {fileID: 0}
  m_GameObject: {fileID: 1433277721472921419}
  m_Enabled: 1
  m_EditorHideFlags: 0
  m_Script: {fileID: 11500000, guid: 5a527ccad04712840aea8af45cb5b469, type: 3}
  m_Name: 
  m_EditorClassIdentifier: 
  _targetObject: {fileID: 0}
  _updateRotationInEditMode: 0
--- !u!114 &1921782803340704508
MonoBehaviour:
  m_ObjectHideFlags: 0
  m_CorrespondingSourceObject: {fileID: 0}
  m_PrefabInstance: {fileID: 0}
  m_PrefabAsset: {fileID: 0}
  m_GameObject: {fileID: 1815596212027691516}
  m_Enabled: 1
  m_EditorHideFlags: 0
  m_Script: {fileID: 11500000, guid: 5a527ccad04712840aea8af45cb5b469, type: 3}
  m_Name: 
  m_EditorClassIdentifier: 
  _targetObject: {fileID: 0}
  _updateRotationInEditMode: 0
--- !u!114 &809000266570967553
MonoBehaviour:
  m_ObjectHideFlags: 0
  m_CorrespondingSourceObject: {fileID: 0}
  m_PrefabInstance: {fileID: 0}
  m_PrefabAsset: {fileID: 0}
  m_GameObject: {fileID: 4375701630788358310}
  m_Enabled: 1
  m_EditorHideFlags: 0
  m_Script: {fileID: 11500000, guid: 5a527ccad04712840aea8af45cb5b469, type: 3}
  m_Name: 
  m_EditorClassIdentifier: 
  _targetObject: {fileID: 0}
  _updateRotationInEditMode: 0
--- !u!114 &4830962950480013277
MonoBehaviour:
  m_ObjectHideFlags: 0
  m_CorrespondingSourceObject: {fileID: 0}
  m_PrefabInstance: {fileID: 0}
  m_PrefabAsset: {fileID: 0}
  m_GameObject: {fileID: 5194768726463089000}
  m_Enabled: 1
  m_EditorHideFlags: 0
  m_Script: {fileID: 11500000, guid: 5a527ccad04712840aea8af45cb5b469, type: 3}
  m_Name: 
  m_EditorClassIdentifier: 
  _targetObject: {fileID: 0}
  _updateRotationInEditMode: 0
--- !u!114 &1017798056115367573
MonoBehaviour:
  m_ObjectHideFlags: 0
  m_CorrespondingSourceObject: {fileID: 0}
  m_PrefabInstance: {fileID: 0}
  m_PrefabAsset: {fileID: 0}
  m_GameObject: {fileID: 5208211815540762347}
  m_Enabled: 1
  m_EditorHideFlags: 0
  m_Script: {fileID: 11500000, guid: 5a527ccad04712840aea8af45cb5b469, type: 3}
  m_Name: 
  m_EditorClassIdentifier: 
  _targetObject: {fileID: 0}
  _updateRotationInEditMode: 0
--- !u!114 &2668735183726817520
MonoBehaviour:
  m_ObjectHideFlags: 0
  m_CorrespondingSourceObject: {fileID: 0}
  m_PrefabInstance: {fileID: 0}
  m_PrefabAsset: {fileID: 0}
  m_GameObject: {fileID: 5549183862121596904}
  m_Enabled: 1
  m_EditorHideFlags: 0
  m_Script: {fileID: 11500000, guid: 5a527ccad04712840aea8af45cb5b469, type: 3}
  m_Name: 
  m_EditorClassIdentifier: 
  _targetObject: {fileID: 0}
  _updateRotationInEditMode: 0
--- !u!114 &2549307077374054014
MonoBehaviour:
  m_ObjectHideFlags: 0
  m_CorrespondingSourceObject: {fileID: 0}
  m_PrefabInstance: {fileID: 0}
  m_PrefabAsset: {fileID: 0}
  m_GameObject: {fileID: 8906129367001220789}
  m_Enabled: 1
  m_EditorHideFlags: 0
  m_Script: {fileID: 11500000, guid: 5a527ccad04712840aea8af45cb5b469, type: 3}
  m_Name: 
  m_EditorClassIdentifier: 
  _targetObject: {fileID: 0}
  _updateRotationInEditMode: 0
--- !u!1001 &3374524981608849939
PrefabInstance:
  m_ObjectHideFlags: 0
  serializedVersion: 2
  m_Modification:
    m_TransformParent: {fileID: 6486044803530540332}
    m_Modifications:
    - target: {fileID: 4409233943445228888, guid: 1167cd8624a233b4cafc94a40868ea7f,
        type: 3}
      propertyPath: m_Name
      value: Crystal Pack (7)
      objectReference: {fileID: 0}
    - target: {fileID: 4409233943445228889, guid: 1167cd8624a233b4cafc94a40868ea7f,
        type: 3}
      propertyPath: m_LocalPosition.x
      value: -1.2379907
      objectReference: {fileID: 0}
    - target: {fileID: 4409233943445228889, guid: 1167cd8624a233b4cafc94a40868ea7f,
        type: 3}
      propertyPath: m_LocalPosition.y
      value: 2.447222
      objectReference: {fileID: 0}
    - target: {fileID: 4409233943445228889, guid: 1167cd8624a233b4cafc94a40868ea7f,
        type: 3}
      propertyPath: m_LocalPosition.z
      value: -0.6406613
      objectReference: {fileID: 0}
    - target: {fileID: 4409233943445228889, guid: 1167cd8624a233b4cafc94a40868ea7f,
        type: 3}
      propertyPath: m_LocalRotation.x
      value: -0.6788976
      objectReference: {fileID: 0}
    - target: {fileID: 4409233943445228889, guid: 1167cd8624a233b4cafc94a40868ea7f,
        type: 3}
      propertyPath: m_LocalRotation.y
      value: -0.0871178
      objectReference: {fileID: 0}
    - target: {fileID: 4409233943445228889, guid: 1167cd8624a233b4cafc94a40868ea7f,
        type: 3}
      propertyPath: m_LocalRotation.z
      value: 0.109496966
      objectReference: {fileID: 0}
    - target: {fileID: 4409233943445228889, guid: 1167cd8624a233b4cafc94a40868ea7f,
        type: 3}
      propertyPath: m_LocalRotation.w
      value: 0.7207767
      objectReference: {fileID: 0}
    - target: {fileID: 4409233943445228889, guid: 1167cd8624a233b4cafc94a40868ea7f,
        type: 3}
      propertyPath: m_RootOrder
      value: 4
      objectReference: {fileID: 0}
    - target: {fileID: 4409233943445228889, guid: 1167cd8624a233b4cafc94a40868ea7f,
        type: 3}
      propertyPath: m_LocalEulerAnglesHint.x
      value: -105.437
      objectReference: {fileID: 0}
    - target: {fileID: 4409233943445228889, guid: 1167cd8624a233b4cafc94a40868ea7f,
        type: 3}
      propertyPath: m_LocalEulerAnglesHint.y
      value: 66.20799
      objectReference: {fileID: 0}
    - target: {fileID: 4409233943445228889, guid: 1167cd8624a233b4cafc94a40868ea7f,
        type: 3}
      propertyPath: m_LocalEulerAnglesHint.z
      value: 252.376
      objectReference: {fileID: 0}
    - target: {fileID: 4409233943445228889, guid: 1167cd8624a233b4cafc94a40868ea7f,
        type: 3}
      propertyPath: m_LocalScale.x
      value: 45.978935
      objectReference: {fileID: 0}
    - target: {fileID: 4409233943445228889, guid: 1167cd8624a233b4cafc94a40868ea7f,
        type: 3}
      propertyPath: m_LocalScale.y
      value: 45.979
      objectReference: {fileID: 0}
    - target: {fileID: 4409233943445228889, guid: 1167cd8624a233b4cafc94a40868ea7f,
        type: 3}
      propertyPath: m_LocalScale.z
      value: 45.97898
      objectReference: {fileID: 0}
    - target: {fileID: 4409233943445228890, guid: 1167cd8624a233b4cafc94a40868ea7f,
        type: 3}
      propertyPath: m_LODs.Array.data[0].screenRelativeHeight
      value: 0.014290785
      objectReference: {fileID: 0}
    - target: {fileID: 4936680313743993263, guid: 1167cd8624a233b4cafc94a40868ea7f,
        type: 3}
      propertyPath: _targetObject
      value: 
      objectReference: {fileID: 0}
    m_RemovedComponents:
    - {fileID: 4936680313743993263, guid: 1167cd8624a233b4cafc94a40868ea7f, type: 3}
  m_SourcePrefab: {fileID: 100100000, guid: 1167cd8624a233b4cafc94a40868ea7f, type: 3}
--- !u!1 &1433277721472921419 stripped
GameObject:
  m_CorrespondingSourceObject: {fileID: 4409233943445228888, guid: 1167cd8624a233b4cafc94a40868ea7f,
    type: 3}
  m_PrefabInstance: {fileID: 3374524981608849939}
  m_PrefabAsset: {fileID: 0}
--- !u!4 &1433277721472921418 stripped
Transform:
  m_CorrespondingSourceObject: {fileID: 4409233943445228889, guid: 1167cd8624a233b4cafc94a40868ea7f,
    type: 3}
  m_PrefabInstance: {fileID: 3374524981608849939}
  m_PrefabAsset: {fileID: 0}
--- !u!1001 &4266716119314419809
PrefabInstance:
  m_ObjectHideFlags: 0
  serializedVersion: 2
  m_Modification:
    m_TransformParent: {fileID: 6486044803530540332}
    m_Modifications:
    - target: {fileID: -927199367670048503, guid: 7fe133fff16e71d46901f05a03d758fa,
        type: 3}
      propertyPath: m_Name
      value: ShroomTallNWide
      objectReference: {fileID: 0}
    - target: {fileID: -4216859302048453862, guid: 7fe133fff16e71d46901f05a03d758fa,
        type: 3}
      propertyPath: m_LocalPosition.x
      value: 0.3065068
      objectReference: {fileID: 0}
    - target: {fileID: -4216859302048453862, guid: 7fe133fff16e71d46901f05a03d758fa,
        type: 3}
      propertyPath: m_LocalPosition.y
      value: 0.8446041
      objectReference: {fileID: 0}
    - target: {fileID: -4216859302048453862, guid: 7fe133fff16e71d46901f05a03d758fa,
        type: 3}
      propertyPath: m_LocalPosition.z
      value: -2.7527146
      objectReference: {fileID: 0}
    - target: {fileID: -4216859302048453862, guid: 7fe133fff16e71d46901f05a03d758fa,
        type: 3}
      propertyPath: m_LocalRotation.x
      value: -0.15821399
      objectReference: {fileID: 0}
    - target: {fileID: -4216859302048453862, guid: 7fe133fff16e71d46901f05a03d758fa,
        type: 3}
      propertyPath: m_LocalRotation.y
      value: 0.000000029802326
      objectReference: {fileID: 0}
    - target: {fileID: -4216859302048453862, guid: 7fe133fff16e71d46901f05a03d758fa,
        type: 3}
      propertyPath: m_LocalRotation.z
      value: -0.053166002
      objectReference: {fileID: 0}
    - target: {fileID: -4216859302048453862, guid: 7fe133fff16e71d46901f05a03d758fa,
        type: 3}
      propertyPath: m_LocalRotation.w
      value: 0.98597246
      objectReference: {fileID: 0}
    - target: {fileID: -4216859302048453862, guid: 7fe133fff16e71d46901f05a03d758fa,
        type: 3}
      propertyPath: m_RootOrder
      value: 0
      objectReference: {fileID: 0}
    - target: {fileID: -4216859302048453862, guid: 7fe133fff16e71d46901f05a03d758fa,
        type: 3}
      propertyPath: m_LocalEulerAnglesHint.x
      value: 0
      objectReference: {fileID: 0}
    - target: {fileID: -4216859302048453862, guid: 7fe133fff16e71d46901f05a03d758fa,
        type: 3}
      propertyPath: m_LocalEulerAnglesHint.y
      value: 0
      objectReference: {fileID: 0}
    - target: {fileID: -4216859302048453862, guid: 7fe133fff16e71d46901f05a03d758fa,
        type: 3}
      propertyPath: m_LocalEulerAnglesHint.z
      value: 0
      objectReference: {fileID: 0}
    - target: {fileID: -4216859302048453862, guid: 7fe133fff16e71d46901f05a03d758fa,
        type: 3}
      propertyPath: m_LocalScale.x
      value: 1.1832802
      objectReference: {fileID: 0}
    - target: {fileID: -4216859302048453862, guid: 7fe133fff16e71d46901f05a03d758fa,
        type: 3}
      propertyPath: m_LocalScale.y
      value: 1.1832802
      objectReference: {fileID: 0}
    - target: {fileID: -4216859302048453862, guid: 7fe133fff16e71d46901f05a03d758fa,
        type: 3}
      propertyPath: m_LocalScale.z
      value: 1.1832801
      objectReference: {fileID: 0}
    - target: {fileID: 5551014577142218206, guid: 7fe133fff16e71d46901f05a03d758fa,
        type: 3}
      propertyPath: m_LODs.Array.data[0].screenRelativeHeight
      value: 0.90118235
      objectReference: {fileID: 0}
    - target: {fileID: 5551014577142218206, guid: 7fe133fff16e71d46901f05a03d758fa,
        type: 3}
      propertyPath: m_LODs.Array.data[1].screenRelativeHeight
      value: 0.5017237
      objectReference: {fileID: 0}
    - target: {fileID: 5551014577142218206, guid: 7fe133fff16e71d46901f05a03d758fa,
        type: 3}
      propertyPath: m_LODs.Array.data[2].screenRelativeHeight
      value: 0.07981564
      objectReference: {fileID: 0}
    - target: {fileID: -7304125769956372707, guid: 7fe133fff16e71d46901f05a03d758fa,
        type: 3}
      propertyPath: m_LocalScale.x
      value: 100
      objectReference: {fileID: 0}
    - target: {fileID: -7304125769956372707, guid: 7fe133fff16e71d46901f05a03d758fa,
        type: 3}
      propertyPath: m_LocalScale.y
      value: 100
      objectReference: {fileID: 0}
    - target: {fileID: -7304125769956372707, guid: 7fe133fff16e71d46901f05a03d758fa,
        type: 3}
      propertyPath: m_LocalScale.z
      value: 100
      objectReference: {fileID: 0}
    m_RemovedComponents: []
  m_SourcePrefab: {fileID: 100100000, guid: 7fe133fff16e71d46901f05a03d758fa, type: 3}
--- !u!1 &5194768726463089000 stripped
GameObject:
  m_CorrespondingSourceObject: {fileID: -927199367670048503, guid: 7fe133fff16e71d46901f05a03d758fa,
    type: 3}
  m_PrefabInstance: {fileID: 4266716119314419809}
  m_PrefabAsset: {fileID: 0}
--- !u!4 &9100894665723542395 stripped
Transform:
  m_CorrespondingSourceObject: {fileID: -4216859302048453862, guid: 7fe133fff16e71d46901f05a03d758fa,
    type: 3}
  m_PrefabInstance: {fileID: 4266716119314419809}
  m_PrefabAsset: {fileID: 0}
--- !u!1001 &4280288932308189154
PrefabInstance:
  m_ObjectHideFlags: 0
  serializedVersion: 2
  m_Modification:
    m_TransformParent: {fileID: 6486044803530540332}
    m_Modifications:
    - target: {fileID: -927199367670048503, guid: 1c25c7030a80cab419a6152f14f6ed34,
        type: 3}
      propertyPath: m_Name
      value: ShroomTall (6)
      objectReference: {fileID: 0}
    - target: {fileID: -4216859302048453862, guid: 1c25c7030a80cab419a6152f14f6ed34,
        type: 3}
      propertyPath: m_LocalPosition.x
      value: 0.84561837
      objectReference: {fileID: 0}
    - target: {fileID: -4216859302048453862, guid: 1c25c7030a80cab419a6152f14f6ed34,
        type: 3}
      propertyPath: m_LocalPosition.y
      value: 1.2816684
      objectReference: {fileID: 0}
    - target: {fileID: -4216859302048453862, guid: 1c25c7030a80cab419a6152f14f6ed34,
        type: 3}
      propertyPath: m_LocalPosition.z
      value: 1.2332048
      objectReference: {fileID: 0}
    - target: {fileID: -4216859302048453862, guid: 1c25c7030a80cab419a6152f14f6ed34,
        type: 3}
      propertyPath: m_LocalRotation.x
      value: 0.09390554
      objectReference: {fileID: 0}
    - target: {fileID: -4216859302048453862, guid: 1c25c7030a80cab419a6152f14f6ed34,
        type: 3}
      propertyPath: m_LocalRotation.y
      value: -0.012426885
      objectReference: {fileID: 0}
    - target: {fileID: -4216859302048453862, guid: 1c25c7030a80cab419a6152f14f6ed34,
        type: 3}
      propertyPath: m_LocalRotation.z
      value: -0.057387833
      objectReference: {fileID: 0}
    - target: {fileID: -4216859302048453862, guid: 1c25c7030a80cab419a6152f14f6ed34,
        type: 3}
      propertyPath: m_LocalRotation.w
      value: 0.9938481
      objectReference: {fileID: 0}
    - target: {fileID: -4216859302048453862, guid: 1c25c7030a80cab419a6152f14f6ed34,
        type: 3}
      propertyPath: m_RootOrder
      value: 3
      objectReference: {fileID: 0}
    - target: {fileID: -4216859302048453862, guid: 1c25c7030a80cab419a6152f14f6ed34,
        type: 3}
      propertyPath: m_LocalEulerAnglesHint.x
      value: 12.084001
      objectReference: {fileID: 0}
    - target: {fileID: -4216859302048453862, guid: 1c25c7030a80cab419a6152f14f6ed34,
        type: 3}
      propertyPath: m_LocalEulerAnglesHint.y
      value: -45.355003
      objectReference: {fileID: 0}
    - target: {fileID: -4216859302048453862, guid: 1c25c7030a80cab419a6152f14f6ed34,
        type: 3}
      propertyPath: m_LocalEulerAnglesHint.z
      value: -8.251
      objectReference: {fileID: 0}
    - target: {fileID: -4216859302048453862, guid: 1c25c7030a80cab419a6152f14f6ed34,
        type: 3}
      propertyPath: m_LocalScale.x
      value: 0.160012
      objectReference: {fileID: 0}
    - target: {fileID: -4216859302048453862, guid: 1c25c7030a80cab419a6152f14f6ed34,
        type: 3}
      propertyPath: m_LocalScale.y
      value: 0.16001205
      objectReference: {fileID: 0}
    - target: {fileID: -4216859302048453862, guid: 1c25c7030a80cab419a6152f14f6ed34,
        type: 3}
      propertyPath: m_LocalScale.z
      value: 0.16001205
      objectReference: {fileID: 0}
    - target: {fileID: 5551014577142218206, guid: 1c25c7030a80cab419a6152f14f6ed34,
        type: 3}
      propertyPath: m_LODs.Array.data[0].renderers.Array.size
      value: 0
      objectReference: {fileID: 0}
    - target: {fileID: 5551014577142218206, guid: 1c25c7030a80cab419a6152f14f6ed34,
        type: 3}
      propertyPath: m_LODs.Array.data[2].screenRelativeHeight
      value: 0.12706344
      objectReference: {fileID: 0}
    - target: {fileID: 5551014577142218206, guid: 1c25c7030a80cab419a6152f14f6ed34,
        type: 3}
      propertyPath: m_LocalReferencePoint.x
      value: -2.9639149
      objectReference: {fileID: 0}
    - target: {fileID: 5551014577142218206, guid: 1c25c7030a80cab419a6152f14f6ed34,
        type: 3}
      propertyPath: m_LocalReferencePoint.y
      value: 14.058522
      objectReference: {fileID: 0}
    - target: {fileID: 5551014577142218206, guid: 1c25c7030a80cab419a6152f14f6ed34,
        type: 3}
      propertyPath: m_LocalReferencePoint.z
      value: -0.0031576157
      objectReference: {fileID: 0}
    - target: {fileID: 5551014577142218206, guid: 1c25c7030a80cab419a6152f14f6ed34,
        type: 3}
      propertyPath: m_Size
      value: 29.956308
      objectReference: {fileID: 0}
    - target: {fileID: 5551014577142218206, guid: 1c25c7030a80cab419a6152f14f6ed34,
        type: 3}
      propertyPath: m_LODs.Array.data[0].screenRelativeHeight
      value: 0.999
      objectReference: {fileID: 0}
    - target: {fileID: 5551014577142218206, guid: 1c25c7030a80cab419a6152f14f6ed34,
        type: 3}
      propertyPath: m_LODs.Array.data[1].screenRelativeHeight
      value: 0.6167224
      objectReference: {fileID: 0}
    m_RemovedComponents: []
  m_SourcePrefab: {fileID: 100100000, guid: 1c25c7030a80cab419a6152f14f6ed34, type: 3}
--- !u!1 &5208211815540762347 stripped
GameObject:
  m_CorrespondingSourceObject: {fileID: -927199367670048503, guid: 1c25c7030a80cab419a6152f14f6ed34,
    type: 3}
  m_PrefabInstance: {fileID: 4280288932308189154}
  m_PrefabAsset: {fileID: 0}
--- !u!4 &9087156657889891576 stripped
Transform:
  m_CorrespondingSourceObject: {fileID: -4216859302048453862, guid: 1c25c7030a80cab419a6152f14f6ed34,
    type: 3}
  m_PrefabInstance: {fileID: 4280288932308189154}
  m_PrefabAsset: {fileID: 0}
--- !u!1001 &5091411264893979629
PrefabInstance:
  m_ObjectHideFlags: 0
  serializedVersion: 2
  m_Modification:
    m_TransformParent: {fileID: 6486044803530540332}
    m_Modifications:
    - target: {fileID: 4409233943445228888, guid: 1167cd8624a233b4cafc94a40868ea7f,
        type: 3}
      propertyPath: m_Name
      value: Crystal Pack (9)
      objectReference: {fileID: 0}
    - target: {fileID: 4409233943445228889, guid: 1167cd8624a233b4cafc94a40868ea7f,
        type: 3}
      propertyPath: m_LocalPosition.x
      value: 5.239593
      objectReference: {fileID: 0}
    - target: {fileID: 4409233943445228889, guid: 1167cd8624a233b4cafc94a40868ea7f,
        type: 3}
      propertyPath: m_LocalPosition.y
      value: 2.0825813
      objectReference: {fileID: 0}
    - target: {fileID: 4409233943445228889, guid: 1167cd8624a233b4cafc94a40868ea7f,
        type: 3}
      propertyPath: m_LocalPosition.z
      value: -3.3564234
      objectReference: {fileID: 0}
    - target: {fileID: 4409233943445228889, guid: 1167cd8624a233b4cafc94a40868ea7f,
        type: 3}
      propertyPath: m_LocalRotation.x
      value: -0.81475526
      objectReference: {fileID: 0}
    - target: {fileID: 4409233943445228889, guid: 1167cd8624a233b4cafc94a40868ea7f,
        type: 3}
      propertyPath: m_LocalRotation.y
      value: 0.10303364
      objectReference: {fileID: 0}
    - target: {fileID: 4409233943445228889, guid: 1167cd8624a233b4cafc94a40868ea7f,
        type: 3}
      propertyPath: m_LocalRotation.z
      value: -0.31005564
      objectReference: {fileID: 0}
    - target: {fileID: 4409233943445228889, guid: 1167cd8624a233b4cafc94a40868ea7f,
        type: 3}
      propertyPath: m_LocalRotation.w
      value: 0.47898173
      objectReference: {fileID: 0}
    - target: {fileID: 4409233943445228889, guid: 1167cd8624a233b4cafc94a40868ea7f,
        type: 3}
      propertyPath: m_RootOrder
      value: 6
      objectReference: {fileID: 0}
    - target: {fileID: 4409233943445228889, guid: 1167cd8624a233b4cafc94a40868ea7f,
        type: 3}
      propertyPath: m_LocalEulerAnglesHint.x
      value: -134.707
      objectReference: {fileID: 0}
    - target: {fileID: 4409233943445228889, guid: 1167cd8624a233b4cafc94a40868ea7f,
        type: 3}
      propertyPath: m_LocalEulerAnglesHint.y
      value: -104.96399
      objectReference: {fileID: 0}
    - target: {fileID: 4409233943445228889, guid: 1167cd8624a233b4cafc94a40868ea7f,
        type: 3}
      propertyPath: m_LocalEulerAnglesHint.z
      value: 404.57397
      objectReference: {fileID: 0}
    - target: {fileID: 4409233943445228889, guid: 1167cd8624a233b4cafc94a40868ea7f,
        type: 3}
      propertyPath: m_LocalScale.x
      value: 87.58988
      objectReference: {fileID: 0}
    - target: {fileID: 4409233943445228889, guid: 1167cd8624a233b4cafc94a40868ea7f,
        type: 3}
      propertyPath: m_LocalScale.y
      value: 87.589966
      objectReference: {fileID: 0}
    - target: {fileID: 4409233943445228889, guid: 1167cd8624a233b4cafc94a40868ea7f,
        type: 3}
      propertyPath: m_LocalScale.z
      value: 87.58992
      objectReference: {fileID: 0}
    - target: {fileID: 4409233943445228890, guid: 1167cd8624a233b4cafc94a40868ea7f,
        type: 3}
      propertyPath: m_LODs.Array.data[0].screenRelativeHeight
      value: 0.014290785
      objectReference: {fileID: 0}
    - target: {fileID: 4936680313743993263, guid: 1167cd8624a233b4cafc94a40868ea7f,
        type: 3}
      propertyPath: _targetObject
      value: 
      objectReference: {fileID: 0}
    m_RemovedComponents:
    - {fileID: 4936680313743993263, guid: 1167cd8624a233b4cafc94a40868ea7f, type: 3}
  m_SourcePrefab: {fileID: 100100000, guid: 1167cd8624a233b4cafc94a40868ea7f, type: 3}
--- !u!1 &8906129367001220789 stripped
GameObject:
  m_CorrespondingSourceObject: {fileID: 4409233943445228888, guid: 1167cd8624a233b4cafc94a40868ea7f,
    type: 3}
  m_PrefabInstance: {fileID: 5091411264893979629}
  m_PrefabAsset: {fileID: 0}
--- !u!4 &8906129367001220788 stripped
Transform:
  m_CorrespondingSourceObject: {fileID: 4409233943445228889, guid: 1167cd8624a233b4cafc94a40868ea7f,
    type: 3}
  m_PrefabInstance: {fileID: 5091411264893979629}
  m_PrefabAsset: {fileID: 0}
--- !u!1001 &5735457705828780463
PrefabInstance:
  m_ObjectHideFlags: 0
  serializedVersion: 2
  m_Modification:
    m_TransformParent: {fileID: 6486044803530540332}
    m_Modifications:
    - target: {fileID: -927199367670048503, guid: 6e386331fd24dda4c8f0c907239c6734,
        type: 3}
      propertyPath: m_Name
      value: ShroomSmolNFat (1)
      objectReference: {fileID: 0}
    - target: {fileID: -4216859302048453862, guid: 6e386331fd24dda4c8f0c907239c6734,
        type: 3}
      propertyPath: m_LocalPosition.x
      value: 2.5102715
      objectReference: {fileID: 0}
    - target: {fileID: -4216859302048453862, guid: 6e386331fd24dda4c8f0c907239c6734,
        type: 3}
      propertyPath: m_LocalPosition.y
      value: -1.1686909
      objectReference: {fileID: 0}
    - target: {fileID: -4216859302048453862, guid: 6e386331fd24dda4c8f0c907239c6734,
        type: 3}
      propertyPath: m_LocalPosition.z
      value: -5.7343097
      objectReference: {fileID: 0}
    - target: {fileID: -4216859302048453862, guid: 6e386331fd24dda4c8f0c907239c6734,
        type: 3}
      propertyPath: m_LocalRotation.x
      value: -0.34319744
      objectReference: {fileID: 0}
    - target: {fileID: -4216859302048453862, guid: 6e386331fd24dda4c8f0c907239c6734,
        type: 3}
      propertyPath: m_LocalRotation.y
      value: 0.011859059
      objectReference: {fileID: 0}
    - target: {fileID: -4216859302048453862, guid: 6e386331fd24dda4c8f0c907239c6734,
        type: 3}
      propertyPath: m_LocalRotation.z
      value: -0.074443646
      objectReference: {fileID: 0}
    - target: {fileID: -4216859302048453862, guid: 6e386331fd24dda4c8f0c907239c6734,
        type: 3}
      propertyPath: m_LocalRotation.w
      value: 0.93623346
      objectReference: {fileID: 0}
    - target: {fileID: -4216859302048453862, guid: 6e386331fd24dda4c8f0c907239c6734,
        type: 3}
      propertyPath: m_RootOrder
      value: 2
      objectReference: {fileID: 0}
    - target: {fileID: -4216859302048453862, guid: 6e386331fd24dda4c8f0c907239c6734,
        type: 3}
      propertyPath: m_LocalEulerAnglesHint.x
      value: -38.259003
      objectReference: {fileID: 0}
    - target: {fileID: -4216859302048453862, guid: 6e386331fd24dda4c8f0c907239c6734,
        type: 3}
      propertyPath: m_LocalEulerAnglesHint.y
      value: -36.543003
      objectReference: {fileID: 0}
    - target: {fileID: -4216859302048453862, guid: 6e386331fd24dda4c8f0c907239c6734,
        type: 3}
      propertyPath: m_LocalEulerAnglesHint.z
      value: -12.632001
      objectReference: {fileID: 0}
    - target: {fileID: -4216859302048453862, guid: 6e386331fd24dda4c8f0c907239c6734,
        type: 3}
      propertyPath: m_LocalScale.x
      value: 0.23217338
      objectReference: {fileID: 0}
    - target: {fileID: -4216859302048453862, guid: 6e386331fd24dda4c8f0c907239c6734,
        type: 3}
      propertyPath: m_LocalScale.y
      value: 0.23217343
      objectReference: {fileID: 0}
    - target: {fileID: -4216859302048453862, guid: 6e386331fd24dda4c8f0c907239c6734,
        type: 3}
      propertyPath: m_LocalScale.z
      value: 0.23217341
      objectReference: {fileID: 0}
    - target: {fileID: 5551014577142218206, guid: 6e386331fd24dda4c8f0c907239c6734,
        type: 3}
      propertyPath: m_LODs.Array.data[0].screenRelativeHeight
      value: 0.50337136
      objectReference: {fileID: 0}
    m_RemovedComponents: []
  m_SourcePrefab: {fileID: 100100000, guid: 6e386331fd24dda4c8f0c907239c6734, type: 3}
--- !u!1 &4375701630788358310 stripped
GameObject:
  m_CorrespondingSourceObject: {fileID: -927199367670048503, guid: 6e386331fd24dda4c8f0c907239c6734,
    type: 3}
  m_PrefabInstance: {fileID: 5735457705828780463}
  m_PrefabAsset: {fileID: 0}
--- !u!4 &784405527284818613 stripped
Transform:
  m_CorrespondingSourceObject: {fileID: -4216859302048453862, guid: 6e386331fd24dda4c8f0c907239c6734,
    type: 3}
  m_PrefabInstance: {fileID: 5735457705828780463}
  m_PrefabAsset: {fileID: 0}
--- !u!1001 &7643635738193152245
PrefabInstance:
  m_ObjectHideFlags: 0
  serializedVersion: 2
  m_Modification:
    m_TransformParent: {fileID: 6486044803530540332}
    m_Modifications:
    - target: {fileID: -927199367670048503, guid: 1c25c7030a80cab419a6152f14f6ed34,
        type: 3}
      propertyPath: m_Name
      value: ShroomTall (2)
      objectReference: {fileID: 0}
    - target: {fileID: -4216859302048453862, guid: 1c25c7030a80cab419a6152f14f6ed34,
        type: 3}
      propertyPath: m_LocalPosition.x
      value: -2.688648
      objectReference: {fileID: 0}
    - target: {fileID: -4216859302048453862, guid: 1c25c7030a80cab419a6152f14f6ed34,
        type: 3}
      propertyPath: m_LocalPosition.y
      value: 1.1172545
      objectReference: {fileID: 0}
    - target: {fileID: -4216859302048453862, guid: 1c25c7030a80cab419a6152f14f6ed34,
        type: 3}
      propertyPath: m_LocalPosition.z
      value: -2.6625965
      objectReference: {fileID: 0}
    - target: {fileID: -4216859302048453862, guid: 1c25c7030a80cab419a6152f14f6ed34,
        type: 3}
      propertyPath: m_LocalRotation.x
      value: -0.1557409
      objectReference: {fileID: 0}
    - target: {fileID: -4216859302048453862, guid: 1c25c7030a80cab419a6152f14f6ed34,
        type: 3}
      propertyPath: m_LocalRotation.y
      value: 0.021035703
      objectReference: {fileID: 0}
    - target: {fileID: -4216859302048453862, guid: 1c25c7030a80cab419a6152f14f6ed34,
        type: 3}
      propertyPath: m_LocalRotation.z
      value: 0.107636414
      objectReference: {fileID: 0}
    - target: {fileID: -4216859302048453862, guid: 1c25c7030a80cab419a6152f14f6ed34,
        type: 3}
      propertyPath: m_LocalRotation.w
      value: 0.98169076
      objectReference: {fileID: 0}
    - target: {fileID: -4216859302048453862, guid: 1c25c7030a80cab419a6152f14f6ed34,
        type: 3}
      propertyPath: m_RootOrder
      value: 1
      objectReference: {fileID: 0}
    - target: {fileID: -4216859302048453862, guid: 1c25c7030a80cab419a6152f14f6ed34,
        type: 3}
      propertyPath: m_LocalEulerAnglesHint.x
      value: -16.599
      objectReference: {fileID: 0}
    - target: {fileID: -4216859302048453862, guid: 1c25c7030a80cab419a6152f14f6ed34,
        type: 3}
      propertyPath: m_LocalEulerAnglesHint.y
      value: -42.111004
      objectReference: {fileID: 0}
    - target: {fileID: -4216859302048453862, guid: 1c25c7030a80cab419a6152f14f6ed34,
        type: 3}
      propertyPath: m_LocalEulerAnglesHint.z
      value: 11.029
      objectReference: {fileID: 0}
    - target: {fileID: -4216859302048453862, guid: 1c25c7030a80cab419a6152f14f6ed34,
        type: 3}
      propertyPath: m_LocalScale.x
      value: 0.13669232
      objectReference: {fileID: 0}
    - target: {fileID: -4216859302048453862, guid: 1c25c7030a80cab419a6152f14f6ed34,
        type: 3}
      propertyPath: m_LocalScale.y
      value: 0.13669233
      objectReference: {fileID: 0}
    - target: {fileID: -4216859302048453862, guid: 1c25c7030a80cab419a6152f14f6ed34,
        type: 3}
      propertyPath: m_LocalScale.z
      value: 0.13669232
      objectReference: {fileID: 0}
    - target: {fileID: 5551014577142218206, guid: 1c25c7030a80cab419a6152f14f6ed34,
        type: 3}
      propertyPath: m_LODs.Array.data[0].renderers.Array.size
      value: 0
      objectReference: {fileID: 0}
    - target: {fileID: 5551014577142218206, guid: 1c25c7030a80cab419a6152f14f6ed34,
        type: 3}
      propertyPath: m_LODs.Array.data[2].screenRelativeHeight
      value: 0.12706344
      objectReference: {fileID: 0}
    - target: {fileID: 5551014577142218206, guid: 1c25c7030a80cab419a6152f14f6ed34,
        type: 3}
      propertyPath: m_LocalReferencePoint.x
      value: -2.9639149
      objectReference: {fileID: 0}
    - target: {fileID: 5551014577142218206, guid: 1c25c7030a80cab419a6152f14f6ed34,
        type: 3}
      propertyPath: m_LocalReferencePoint.y
      value: 14.058522
      objectReference: {fileID: 0}
    - target: {fileID: 5551014577142218206, guid: 1c25c7030a80cab419a6152f14f6ed34,
        type: 3}
      propertyPath: m_LocalReferencePoint.z
      value: -0.0031576157
      objectReference: {fileID: 0}
    - target: {fileID: 5551014577142218206, guid: 1c25c7030a80cab419a6152f14f6ed34,
        type: 3}
      propertyPath: m_Size
      value: 29.956308
      objectReference: {fileID: 0}
    - target: {fileID: 5551014577142218206, guid: 1c25c7030a80cab419a6152f14f6ed34,
        type: 3}
      propertyPath: m_LODs.Array.data[0].screenRelativeHeight
      value: 0.999
      objectReference: {fileID: 0}
    - target: {fileID: 5551014577142218206, guid: 1c25c7030a80cab419a6152f14f6ed34,
        type: 3}
      propertyPath: m_LODs.Array.data[1].screenRelativeHeight
      value: 0.6167224
      objectReference: {fileID: 0}
    m_RemovedComponents: []
  m_SourcePrefab: {fileID: 100100000, guid: 1c25c7030a80cab419a6152f14f6ed34, type: 3}
--- !u!1 &1815596212027691516 stripped
GameObject:
  m_CorrespondingSourceObject: {fileID: -927199367670048503, guid: 1c25c7030a80cab419a6152f14f6ed34,
    type: 3}
  m_PrefabInstance: {fileID: 7643635738193152245}
  m_PrefabAsset: {fileID: 0}
--- !u!4 &3416282658477597679 stripped
Transform:
  m_CorrespondingSourceObject: {fileID: -4216859302048453862, guid: 1c25c7030a80cab419a6152f14f6ed34,
    type: 3}
  m_PrefabInstance: {fileID: 7643635738193152245}
  m_PrefabAsset: {fileID: 0}
--- !u!1001 &8084550374313380528
PrefabInstance:
  m_ObjectHideFlags: 0
  serializedVersion: 2
  m_Modification:
    m_TransformParent: {fileID: 6486044803530540332}
    m_Modifications:
    - target: {fileID: 4409233943445228888, guid: 1167cd8624a233b4cafc94a40868ea7f,
        type: 3}
      propertyPath: m_Name
      value: Crystal Pack (8)
      objectReference: {fileID: 0}
    - target: {fileID: 4409233943445228889, guid: 1167cd8624a233b4cafc94a40868ea7f,
        type: 3}
      propertyPath: m_LocalPosition.x
      value: -0.76294357
      objectReference: {fileID: 0}
    - target: {fileID: 4409233943445228889, guid: 1167cd8624a233b4cafc94a40868ea7f,
        type: 3}
      propertyPath: m_LocalPosition.y
      value: 1.3713067
      objectReference: {fileID: 0}
    - target: {fileID: 4409233943445228889, guid: 1167cd8624a233b4cafc94a40868ea7f,
        type: 3}
      propertyPath: m_LocalPosition.z
      value: -5.0721164
      objectReference: {fileID: 0}
    - target: {fileID: 4409233943445228889, guid: 1167cd8624a233b4cafc94a40868ea7f,
        type: 3}
      propertyPath: m_LocalRotation.x
      value: -0.868329
      objectReference: {fileID: 0}
    - target: {fileID: 4409233943445228889, guid: 1167cd8624a233b4cafc94a40868ea7f,
        type: 3}
      propertyPath: m_LocalRotation.y
      value: -0.116678506
      objectReference: {fileID: 0}
    - target: {fileID: 4409233943445228889, guid: 1167cd8624a233b4cafc94a40868ea7f,
        type: 3}
      propertyPath: m_LocalRotation.z
      value: 0.07723494
      objectReference: {fileID: 0}
    - target: {fileID: 4409233943445228889, guid: 1167cd8624a233b4cafc94a40868ea7f,
        type: 3}
      propertyPath: m_LocalRotation.w
      value: 0.475842
      objectReference: {fileID: 0}
    - target: {fileID: 4409233943445228889, guid: 1167cd8624a233b4cafc94a40868ea7f,
        type: 3}
      propertyPath: m_RootOrder
      value: 5
      objectReference: {fileID: 0}
    - target: {fileID: 4409233943445228889, guid: 1167cd8624a233b4cafc94a40868ea7f,
        type: 3}
      propertyPath: m_LocalEulerAnglesHint.x
      value: -124.172
      objectReference: {fileID: 0}
    - target: {fileID: 4409233943445228889, guid: 1167cd8624a233b4cafc94a40868ea7f,
        type: 3}
      propertyPath: m_LocalEulerAnglesHint.y
      value: -19.307007
      objectReference: {fileID: 0}
    - target: {fileID: 4409233943445228889, guid: 1167cd8624a233b4cafc94a40868ea7f,
        type: 3}
      propertyPath: m_LocalEulerAnglesHint.z
      value: 333.15002
      objectReference: {fileID: 0}
    - target: {fileID: 4409233943445228889, guid: 1167cd8624a233b4cafc94a40868ea7f,
        type: 3}
      propertyPath: m_LocalScale.x
      value: 45.97894
      objectReference: {fileID: 0}
    - target: {fileID: 4409233943445228889, guid: 1167cd8624a233b4cafc94a40868ea7f,
        type: 3}
      propertyPath: m_LocalScale.y
      value: 45.97901
      objectReference: {fileID: 0}
    - target: {fileID: 4409233943445228889, guid: 1167cd8624a233b4cafc94a40868ea7f,
        type: 3}
      propertyPath: m_LocalScale.z
      value: 45.978985
      objectReference: {fileID: 0}
    - target: {fileID: 4409233943445228890, guid: 1167cd8624a233b4cafc94a40868ea7f,
        type: 3}
      propertyPath: m_LODs.Array.data[0].screenRelativeHeight
      value: 0.014290785
      objectReference: {fileID: 0}
    - target: {fileID: 4936680313743993263, guid: 1167cd8624a233b4cafc94a40868ea7f,
        type: 3}
      propertyPath: _targetObject
      value: 
      objectReference: {fileID: 0}
    m_RemovedComponents:
    - {fileID: 4936680313743993263, guid: 1167cd8624a233b4cafc94a40868ea7f, type: 3}
  m_SourcePrefab: {fileID: 100100000, guid: 1167cd8624a233b4cafc94a40868ea7f, type: 3}
--- !u!1 &5549183862121596904 stripped
GameObject:
  m_CorrespondingSourceObject: {fileID: 4409233943445228888, guid: 1167cd8624a233b4cafc94a40868ea7f,
    type: 3}
  m_PrefabInstance: {fileID: 8084550374313380528}
  m_PrefabAsset: {fileID: 0}
--- !u!4 &5549183862121596905 stripped
Transform:
  m_CorrespondingSourceObject: {fileID: 4409233943445228889, guid: 1167cd8624a233b4cafc94a40868ea7f,
    type: 3}
  m_PrefabInstance: {fileID: 8084550374313380528}
  m_PrefabAsset: {fileID: 0}
